@article{grice1975logic,
  title={Logic and conversation},
  author={Grice, H Paul},
  journal={1975},
  pages={41--58},
  year={1975}
}

@article{bandler1975structure,
  title={Structure of Magic: A Book about Language \& Therapy, Science and Behaviour Books},
  author={Bandler, Richard and Grinder, John},
  journal={Palo Alto, CA},
  year={1975}
}

@book{o2011introducing,
  title={Introducing NLP: Psychological skills for understanding and influencing people},
  author={O'Connor, Joseph and Seymour, John},
  year={2011},
  publisher={Conari Press}
}

@inproceedings{asaduzzaman2013answering,
  title={Answering questions about unanswered questions of stack overflow},
  author={Asaduzzaman, Muhammad and Mashiyat, Ahmed Shah and Roy, Chanchal K and Schneider, Kevin A},
  booktitle={Proceedings of the 10th Working Conference on Mining Software Repositories},
  pages={97--100},
  year={2013},
  organization={IEEE Press}
}

@book{robertson2009probabilistic,
  title={The probabilistic relevance framework: BM25 and beyond},
  author={Robertson, Stephen and Zaragoza, Hugo},
  year={2009},
  publisher={Now Publishers Inc}
}

@inproceedings{artzi2011bootstrapping,
  title={Bootstrapping semantic parsers from conversations},
  author={Artzi, Yoav and Zettlemoyer, Luke},
  booktitle={Proceedings of the conference on empirical methods in natural language processing},
  pages={421--432},
  year={2011},
  organization={Association for Computational Linguistics}
}

@article{serban2015building,
  title={Building end-to-end dialogue systems using generative hierarchical neural network models},
  author={Serban, Iulian V and Sordoni, Alessandro and Bengio, Yoshua and Courville, Aaron and Pineau, Joelle},
  journal={arXiv preprint arXiv:1507.04808},
  year={2015}
}

@article{liu2016not,
  title={How NOT to evaluate your dialogue system: An empirical study of unsupervised evaluation metrics for dialogue response generation},
  author={Liu, Chia-Wei and Lowe, Ryan and Serban, Iulian V and Noseworthy, Michael and Charlin, Laurent and Pineau, Joelle},
  journal={arXiv preprint arXiv:1603.08023},
  year={2016}
}

@article{kannan2017adversarial,
  title={Adversarial evaluation of dialogue models},
  author={Kannan, Anjuli and Vinyals, Oriol},
  journal={arXiv preprint arXiv:1701.08198},
  year={2017}
}

@inproceedings{nair2010rectified,
  title={Rectified linear units improve restricted boltzmann machines},
  author={Nair, Vinod and Hinton, Geoffrey E},
  booktitle={Proceedings of the 27th international conference on machine learning (ICML-10)},
  pages={807--814},
  year={2010}
}

@inproceedings{paek2001empirical,
  title={Empirical methods for evaluating dialog systems},
  author={Paek, Tim},
  booktitle={Proceedings of the workshop on Evaluation for Language and Dialogue Systems-Volume 9},
  pages={2},
  year={2001},
  organization={Association for Computational Linguistics}
}

@inproceedings{vanderwende2008importance,
  title={The importance of being important: Question generation},
  author={Vanderwende, Lucy},
  booktitle={Proceedings of the 1st Workshop on the Question Generation Shared Task Evaluation Challenge, Arlington, VA},
  year={2008}
}

@phdthesis{heilman2011automatic,
  title={Automatic factual question generation from text},
  author={Heilman, Michael},
  year={2011},
  school={Carnegie Mellon University}
}

@inproceedings{penas2010filling,
  title={Filling knowledge gaps in text for machine reading},
  author={Penas, Anselmo and Hovy, Eduard},
  booktitle={Proceedings of the 23rd International Conference on Computational Linguistics: Posters},
  pages={979--987},
  year={2010},
  organization={Association for Computational Linguistics}
}

@article{olney2012question,
  title={Question Generation from Concept Maps.},
  author={Olney, Andrew McGregor and Graesser, Arthur C and Person, Natalie K},
  journal={D\&D},
  volume={3},
  number={2},
  pages={75--99},
  year={2012}
}

@inproceedings{labutov2015deep,
  title={Deep Questions without Deep Understanding.},
  author={Labutov, Igor and Basu, Sumit and Vanderwende, Lucy},
  booktitle={ACL (1)},
  pages={889--898},
  year={2015}
}

@inproceedings{liu2010automatic,
  title={Automatic question generation for literature review writing support},
  author={Liu, Ming and Calvo, Rafael A and Rus, Vasile},
  booktitle={International Conference on Intelligent Tutoring Systems},
  pages={45--54},
  year={2010},
  organization={Springer}
}

@article{mostafazadeh2016generating,
  title={Generating natural questions about an image},
  author={Mostafazadeh, Nasrin and Misra, Ishan and Devlin, Jacob and Mitchell, Margaret and He, Xiaodong and Vanderwende, Lucy},
  journal={arXiv preprint arXiv:1603.06059},
  year={2016}
}

@inproceedings{rus2011question,
  title={Question generation shared task and evaluation challenge: Status report},
  author={Rus, Vasile and Piwek, Paul and Stoyanchev, Svetlana and Wyse, Brendan and Lintean, Mihai and Moldovan, Cristian},
  booktitle={Proceedings of the 13th European Workshop on Natural Language Generation},
  pages={318--320},
  year={2011},
  organization={Association for Computational Linguistics}
}


@article{mikolov2013efficient,
  title={Efficient estimation of word representations in vector space},
  author={Mikolov, Tomas and Chen, Kai and Corrado, Greg and Dean, Jeffrey},
  journal={arXiv preprint arXiv:1301.3781},
  year={2013}
}

@inproceedings{ravichandran2002learning,
  title={Learning surface text patterns for a question answering system},
  author={Ravichandran, Deepak and Hovy, Eduard},
  booktitle={Proceedings of the 40th annual meeting on association for computational linguistics},
  pages={41--47},
  year={2002},
  organization={Association for Computational Linguistics}
}

@inproceedings{riloff1996automatically,
  title={Automatically generating extraction patterns from untagged text},
  author={Riloff, Ellen},
  booktitle={Proceedings of the national conference on artificial intelligence},
  pages={1044--1049},
  year={1996}
}

@article{andreas2016reasoning,
  title={Reasoning about pragmatics with neural listeners and speakers},
  author={Andreas, Jacob and Klein, Dan},
  journal={arXiv preprint arXiv:1604.00562},
  year={2016}
}

@inproceedings{orita2015discourse,
  title={Why discourse affects speakers' choice of referring expressions.},
  author={Orita, Naho and Vornov, Eliana and Feldman, Naomi and Daum{\'e} III, Hal},
  booktitle={ACL (1)},
  pages={1639--1649},
  year={2015}
}

@inproceedings{smith2013learning,
  title={Learning and using language via recursive pragmatic reasoning about other agents},
  author={Smith, Nathaniel J and Goodman, Noah and Frank, Michael},
  booktitle={Advances in neural information processing systems},
  pages={3039--3047},
  year={2013}
}

@inproceedings{golland2010game,
  title={A game-theoretic approach to generating spatial descriptions},
  author={Golland, Dave and Liang, Percy and Klein, Dan},
  booktitle={Proceedings of the 2010 conference on empirical methods in natural language processing},
  pages={410--419},
  year={2010},
  organization={Association for Computational Linguistics}
}

@inproceedings{xiang2013enlisting,
  title={Enlisting the ghost: Modeling empty categories for machine translation},
  author={Xiang, Bing and Luo, Xiaoqiang and Zhou, Bowen},
  booktitle={In ACL},
  year={2013},
  organization={Citeseer}
}

@inproceedings{le2010aiding,
  title={Aiding pronoun translation with co-reference resolution},
  author={Le Nagard, Ronan and Koehn, Philipp},
  booktitle={Proceedings of the Joint Fifth Workshop on Statistical Machine Translation and MetricsMATR},
  pages={252--261},
  year={2010},
  organization={Association for Computational Linguistics}
}

@inproceedings{hardmeier2010modelling,
  title={Modelling pronominal anaphora in statistical machine translation},
  author={Hardmeier, Christian and Federico, Marcello},
  booktitle={Proceedings of the International Workshop on Spoken Language Translation},
  pages={283--289},
  year={2010}
}

@inproceedings{chahuneau2013translating,
  title={Translating into morphologically rich languages with synthetic phrases},
  author={Chahuneau, Victor and Schlinger, Eva and Smith, Noah A and Dyer, Chris},
  booktitle={In EMNLP},
  year={2013},
  publisher={Citeseer}
}

@article{daume2009search,
  title={Search-based structured prediction},
  author={Daum{\'e} III, Hal and Langford, John and Marcu, Daniel},
  journal={Machine learning},
  volume={75},
  number={3},
  pages={297--325},
  year={2009},
  publisher={Springer}
}

@misc{langford2007vowpal,
  title={Vowpal wabbit online learning project},
  author={Langford, John and Li, Lihong and Strehl, Alexander},
  year={2007},
}

@misc{lasagne,
  author       = {Sander Dieleman and
                  Jan Schluter and
                  Colin Raffel and
                  Eben Olson and
                  Soren Kaae Sonderby and
                  Daniel Nouri and
                  others},
  title        = {Lasagne: First release.},
  month        = aug,
  year         = 2015,
  doi          = {10.5281/zenodo.27878},
  url          = {http://dx.doi.org/10.5281/zenodo.27878}
}


@article{daume2014efficient,
  title={Efficient programmable learning to search},
  author={Daum{\'e} III, Hal and Langford, John and Ross, Stephane},
  journal={arXiv preprint arXiv:1406.1837},
  year={2014}
}

@article{chiang2007hierarchical,
  title={Hierarchical phrase-based translation},
  author={Chiang, David},
  journal={computational linguistics},
  volume={33},
  number={2},
  pages={201--228},
  year={2007},
  publisher={MIT Press}
}

@inproceedings{cai2011language,
  title={Language-independent parsing with empty elements},
  author={Cai, Shu and Chiang, David and Goldberg, Yoav},
  booktitle={Proceedings of the 49th Annual Meeting of the Association for Computational Linguistics: Human Language Technologies: short papers-Volume 2},
  pages={212--216},
  year={2011},
  organization={Association for Computational Linguistics}
}

@inproceedings{och2000improved,
  title={Improved statistical alignment models},
  author={Och, Franz Josef and Ney, Hermann},
  booktitle={Proceedings of the 38th Annual Meeting on Association for Computational Linguistics},
  pages={440--447},
  year={2000},
  organization={Association for Computational Linguistics}
}

@inproceedings{koehn2003statistical,
  title={Statistical phrase-based translation},
  author={Koehn, Philipp and Och, Franz Josef and Marcu, Daniel},
  booktitle={Proceedings of the 2003 Conference of the North American Chapter of the Association for Computational Linguistics on Human Language Technology-Volume 1},
  pages={48--54},
  year={2003},
  organization={Association for Computational Linguistics}
}

@article{eidelman2013mr,
  title={Mr. MIRA: Open-Source Large-Margin Structured Learning on {M}ap{R}educe},
  author={Eidelman, Vladimir and Wu, Ke and Ture, Ferhan and Resnik, Philip and Lin, Jimmy},
  journal={ACL 2013},
  pages={199},
  year={2013},
  publisher={Citeseer}
}

@inproceedings{stolcke2002srilm,
  title={SRILM-an extensible language modeling toolkit.},
  author={Stolcke, Andreas and others},
  booktitle={INTERSPEECH},
  year={2002}
}

@inproceedings{finkel2005incorporating,
  title={Incorporating non-local information into information extraction systems by {G}ibbs sampling},
  author={Finkel, Jenny Rose and Grenager, Trond and Manning, Christopher},
  booktitle={Proceedings of the 43rd Annual Meeting on Association for Computational Linguistics},
  pages={363--370},
  year={2005},
  organization={Association for Computational Linguistics}
}

@inproceedings{dyer2010cdec,
  title={cdec: A decoder, alignment, and learning framework for finite-state and context-free translation models},
  author={Dyer, Chris and Weese, Jonathan and Setiawan, Hendra and Lopez, Adam and Ture, Ferhan and Eidelman, Vladimir and Ganitkevitch, Juri and Blunsom, Phil and Resnik, Philip},
  booktitle={Proceedings of the ACL 2010 System Demonstrations},
  pages={7--12},
  year={2010},
  organization={Association for Computational Linguistics}
}

@inproceedings{papineni2002bleu,
  title={BLEU: a method for automatic evaluation of machine translation},
  author={Papineni, Kishore and Roukos, Salim and Ward, Todd and Zhu, Wei-Jing},
  booktitle={Proceedings of the 40th annual meeting on association for computational linguistics},
  pages={311--318},
  year={2002},
  organization={Association for Computational Linguistics}
}

@inproceedings{toutanova2003feature,
  title={Feature-rich part-of-speech tagging with a cyclic dependency network},
  author={Toutanova, Kristina and Klein, Dan and Manning, Christopher D and Singer, Yoram},
  booktitle={Proceedings of the 2003 Conference of the North American Chapter of the Association for Computational Linguistics on Human Language Technology-Volume 1},
  pages={173--180},
  year={2003},
  organization={Association for Computational Linguistics}
}

@inproceedings{chung2010effects,
  title={Effects of empty categories on machine translation},
  author={Chung, Tagyoung and Gildea, Daniel},
  booktitle={Proceedings of the 2010 Conference on Empirical Methods in Natural Language Processing},
  pages={636--645},
  year={2010},
  organization={Association for Computational Linguistics}
}

@article{mayol2010pronouns,
  title={Pronouns in {C}atalan: Games of partial information and the use of linguistic resources},
  author={Mayol, Laia and Clark, Robin},
  journal={Journal of pragmatics},
  volume={42},
  number={3},
  pages={781--799},
  year={2010},
  publisher={Elsevier}
}

@article{wang1992null,
  title={Null subject versus null object: Some evidence from the acquisition of {C}hinese and {E}nglish},
  author={Wang, Qi and Lillo-Martin, Diane and Best, Catherine T and Levitt, Andrea},
  journal={Language acquisition},
  volume={2},
  number={3},
  pages={221--254},
  year={1992},
  publisher={Taylor \& Francis}
}

@phdthesis{carminati2002processing,
  title={The processing of {I}talian subject pronouns},
  author={Carminati, Maria Nella},
  year={2002},
  school={University of Massachusetts at Amherst}
}

@phdthesis{cameron1992pronominal,
  title={Pronominal and null subject variation in {S}panish: Constraints, dialects, and functional compensation},
  author={Cameron, Richard},
  year={1992},
  school={University of Pennsylvania}
}

@article{eckert2000dialogue,
  title={Dialogue acts, synchronizing units, and anaphora resolution},
  author={Eckert, Miriam and Strube, Michael},
  journal={Journal of Semantics},
  volume={17},
  number={1},
  pages={51--89},
  year={2000},
  publisher={Oxford Univ Press}
}

@inproceedings{lin2004automatic,
  title={Automatic evaluation of machine translation quality using longest common subsequence and skip-bigram statistics},
  author={Lin, Chin-Yew and Och, Franz Josef},
  booktitle={Proceedings of the 42nd Annual Meeting on Association for Computational Linguistics},
  pages={605},
  year={2004},
  organization={Association for Computational Linguistics}
}

@inproceedings{chenchinese,
  title={Chinese Zero Pronoun Resolution: An Unsupervised Probabilistic Model Rivaling Supervised Resolvers},
  author={Chen, Chen and Ng, Vincent},
  booktitle={Proceedings of the 2014 Conference on Empirical Methods in Natural Language Processing},
  year={2014},
  organization={Association for Computational Linguistics}
}

@article{grosz1995centering,
  title={Centering: A framework for modeling the local coherence of discourse},
  author={Grosz, Barbara J and Weinstein, Scott and Joshi, Aravind K},
  journal={Computational linguistics},
  volume={21},
  number={2},
  pages={203--225},
  year={1995},
  publisher={MIT Press}
}

@article{alonso2002null,
  title={Null vs. overt pronouns and the topic-focus articulation in {S}panish},
  author={Alonso-Ovalle, Luis and Fern{\'a}ndez-Solera, Susana and Frazier, Lyn and Clifton, Charles},
  journal={Journal of Italian Linguistics},
  volume={14},
  pages={151--170},
  year={2002},
  publisher={PACINI}
}

@article{kweon2011processing,
  title={Processing Null and Overt Pronoun Subject in Ambiguous Sentences in {K}orean},
  author={Kweon, Soo-Ok},
  journal={International Journal of Linguistics},
  volume={3},
  number={1},
  year={2011}
}

@inproceedings{kong2010tree,
  title={A tree kernel-based unified framework for {C}hinese zero anaphora resolution},
  author={Kong, Fang and Zhou, Guodong},
  booktitle={Proceedings of the 2010 Conference on Empirical Methods in Natural Language Processing},
  pages={882--891},
  year={2010},
  organization={Association for Computational Linguistics}
}

@inproceedings{zhao2007identification,
  title={Identification and Resolution of {C}hinese Zero Pronouns: A Machine Learning Approach.},
  author={Zhao, Shanheng and Ng, Hwee Tou},
  booktitle={Proceedings of the 2007 Joint Conference on Empirical Methods on Natural Language Processing and Computational Natural Language Learning},
  pages={541--550},
  year={2007}
}

@inproceedings{chen2013chinese,
  title={Chinese Zero Pronoun Resolution: Some Recent Advances.},
  author={Chen, Chen and Ng, Vincent},
  booktitle={Proceedings of the 2013 Conference on Empirical Methods in Natural Language Processing},
  pages={1360--1365},
  year={2013}
}

@article{yeh2007zero,
  title={Zero Anaphora Resolution in {C}hinese with Shallow Parsing.},
  author={Yeh, Ching-Long and Chen, Yi-Chun},
  journal={Journal of Chinese Language and Computing},
  volume={17},
  number={1},
  pages={41--56},
  year={2007}
}

@inproceedings{ross11dagger,
  title = {A Reduction of Imitation Learning and Structured Prediction to No-Regret Online Learning},
  author = {St\'ephane Ross and Geoff J. Gordon and J. Andrew Bagnell},
  booktitle = {Proceedings of the Workshop on Artificial Intelligence and Statistics (AIStats)},
  year = {2011}
}

@book{wals,
  editor =    {Martin Haspelmath and Matthew Dryer and David Gil and Bernard Comrie},
  title =        {The World Atlas of Language Structures},
  publisher =    {Oxford University Press},
  year =         {2005},
}

@book{chincent,
  editor =    {},
  author = {Wang, Deliang},
  title =        {Anaphora Resolution in Chinese from the Centering Perspective},
  publisher =    {Foreign Language Teaching and Research Press},
  year =         {2011},
}

@inproceedings{carpuat07psd,
  author = {Marine Carpuat and Dekai Wu},
  title = {Improving statistical machine translation using word sense disambiguation},
  booktitle = {In EMNLP},
  year = {2007}
}

@inproceedings{hovy2006ontonotes,
  title={OntoNotes: the 90\% solution},
  author={Hovy, Eduard and Marcus, Mitchell and Palmer, Martha and Ramshaw, Lance and Weischedel, Ralph},
  booktitle={NAACL},
  year={2006},
}

@inproceedings{petrov2007improved,
  title={{Improved inference for unlexicalized parsing}},
  author={Petrov, S. and Klein, D.},
  booktitle={Proceedings of NAACL HLT 2007},
  pages={404--411},
  year={2007}
}

@article{rohde2014markers,
  title={Markers of Topical Discourse in Child-Directed Speech},
  author={Rohde, Hannah and Frank, Michael C},
  journal={Cognitive science},
  volume={38},
  number={8},
  pages={1634--1661},
  year={2014},
  publisher={Wiley Online Library}
}

@inproceedings{lowe2015ubuntu,
  title={The Ubuntu Dialogue Corpus: A Large Dataset for Research in Unstructured Multi-Turn Dialogue Systems},
  author={Lowe, Ryan and Pow, Nissan and Serban, Iulian V and Pineau, Joelle},
  booktitle={Special Interest Group on Discourse and Dialogue},
  year={2015}
}

@inproceedings{bahdanau2014neural,
  title={Neural machine translation by jointly learning to align and translate},
  author={Bahdanau, Dzmitry and Cho, Kyunghyun and Bengio, Yoshua},
  booktitle={International Conference on Learning Representations},
  year={2015}
}

@inproceedings{luong2015effective,
  title={Effective approaches to attention-based neural machine translation},
  author={Luong, Minh-Thang and Pham, Hieu and Manning, Christopher D},
  booktitle={Empirical Methods in Natural Language Processing},
  year={2015}
}

@article{yao2016attentional,
  title={An Attentional Neural Conversation Model with Improved Specificity},
  author={Yao, Kaisheng and Peng, Baolin and Zweig, Geoffrey and Wong, Kam-Fai},
  journal={arXiv preprint arXiv:1606.01292},
  year={2016}
}


@article{kadlec2015improved,
  title={Improved deep learning baselines for ubuntu corpus dialogs},
  author={Kadlec, Rudolf and Schmid, Martin and Kleindienst, Jan},
  journal={arXiv preprint arXiv:1510.03753},
  year={2015}
}

@article{xu2016incorporating,
  title={Incorporating Loose-Structured Knowledge into LSTM with Recall Gate for Conversation Modeling},
  author={Xu, Zhen and Liu, Bingquan and Wang, Baoxun and Sun, Chengjie and Wang, Xiaolong},
  journal={arXiv preprint arXiv:1605.05110},
  year={2016}
}

@inproceedings{serban2016hierarchical,
  title={A Hierarchical Latent Variable Encoder-Decoder Model for Generating Dialogues},
  author={Serban, Iulian Vlad and Sordoni, Alessandro and Lowe, Ryan and Charlin, Laurent and Pineau, Joelle and Courville, Aaron and Bengio, Yoshua},
  booktitle={Association for the Advancement of Artificial Intelligence},
  year={2017}
}

@article{serban2016multiresolution,
  title={Multiresolution Recurrent Neural Networks: An Application to Dialogue Response Generation},
  author={Serban, Iulian Vlad and Klinger, Tim and Tesauro, Gerald and Talamadupula, Kartik and Zhou, Bowen and Bengio, Yoshua and Courville, Aaron},
  journal={arXiv preprint arXiv:1606.00776},
  year={2016}
}

@inproceedings{huang2013learning,
  title={Learning deep structured semantic models for web search using clickthrough data},
  author={Huang, Po-Sen and He, Xiaodong and Gao, Jianfeng and Deng, Li and Acero, Alex and Heck, Larry},
  booktitle={Proceedings of the 22nd ACM international conference on Conference on information \& knowledge management},
  pages={2333--2338},
  year={2013},
  organization={ACM}
}

@article{baudivs2016sentence,
  title={Sentence Pair Scoring: Towards Unified Framework for Text Comprehension},
  author={Baudi{\v{s}}, Petr and {\v{S}}ediv{\`y}, Jan},
  journal={arXiv preprint arXiv:1603.06127},
  year={2016}
}

@inproceedings{lemon2006isu,
  title={An ISU dialogue system exhibiting reinforcement learning of dialogue policies: generic slot-filling in the TALK in-car system},
  author={Lemon, Oliver and Georgila, Kallirroi and Henderson, James and Stuttle, Matthew},
  booktitle={Proceedings of the Eleventh Conference of the European Chapter of the Association for Computational Linguistics: Posters \& Demonstrations},
  pages={119--122},
  year={2006},
  organization={Association for Computational Linguistics}
}

@inproceedings{tipping1999probabilistic,
  title={Probabilistic principal component analysis},
  author={Tipping, Michael E and Bishop, Christopher M},
  booktitle={Journal of the Royal Statistical Society: Series B (Statistical Methodology)},
  year={1999}
}

@article{ling2015character,
  title={Character-based neural machine translation},
  author={Ling, Wang and Trancoso, Isabel and Dyer, Chris and Black, Alan W},
  journal={arXiv preprint arXiv:1511.04586},
  year={2015}
}

@inproceedings{tranhierarchical,
  title={A Hierarchical Neural Model for Learning Sequences of Dialogue Acts},
  author={Tran, Quan Hung and Zukerman, Ingrid and Haffari, Gholamreza},
  booktitle={European Association for Computational Linguistics},
  year={2017}
}

@inproceedings{mi2016vocabulary,
  title={Vocabulary Manipulation for Neural Machine Translation},
  author={Mi, Haitao and Wang, Zhiguo and Ittycheriah, Abe},
  booktitle={Association for Computational Linguistics},
  year={2016}
}

@inproceedings{sennrich2015neural,
  title={Neural machine translation of rare words with subword units},
  author={Sennrich, Rico and Haddow, Barry and Birch, Alexandra},
  booktitle={Association for Computational Linguistics},
  year={2016}
}

@inproceedings{sutskever2014sequence,
  title={Sequence to sequence learning with neural networks},
  author={Sutskever, Ilya and Vinyals, Oriol and Le, Quoc V},
  booktitle={Advances in neural information processing systems},
  pages={3104--3112},
  year={2014}
}

@inproceedings{luong2014addressing,
  title={Addressing the rare word problem in neural machine translation},
  author={Luong, Minh-Thang and Sutskever, Ilya and Le, Quoc V and Vinyals, Oriol and Zaremba, Wojciech},
  booktitle={Association for Computational Linguistics},
  year={2015}
}

@inproceedings{pennington2014glove,
  title={Glove: Global Vectors for Word Representation.},
  author={Pennington, Jeffrey and Socher, Richard and Manning, Christopher D},
  booktitle={Empirical Methods on Natural Language Processing},
  year={2014}
}

@article{kingma2014adam,
  title={Adam: A method for stochastic optimization},
  author={Kingma, Diederik and Ba, Jimmy},
  journal={arXiv preprint arXiv:1412.6980},
  year={2014}
}

@inproceedings{JeanCMB15,
  title={On Using Very Large Target Vocabulary for Neural Machine Translation},
  author={S{\'{e}}bastien Jean and
               KyungHyun Cho and
               Roland Memisevic and
               Yoshua Bengio},
  booktitle={Association for Computational Linguistics},
  year={2015}
}

@inproceedings{yin2016neural,
  title={Neural generative question answering},
  author={Yin, Jun and Jiang, Xin and Lu, Zhengdong and Shang, Lifeng and Li, Hang and Li, Xiaoming},
  booktitle={North American Association of Computational Linguistics},
  year={2016}
}

@inproceedings{graesser2008question,
  title={Question classification schemes},
  author={Graesser, Art and Rus, Vasile and Cai, Zhiqiang},
  booktitle={Proc. of the Workshop on Question Generation},
  year={2008}
}

@inproceedings{rus2010first,
  title={The first question generation shared task evaluation challenge},
  author={Rus, Vasile and Wyse, Brendan and Piwek, Paul and Lintean, Mihai and Stoyanchev, Svetlana and Moldovan, Cristian},
  booktitle={Proceedings of the 6th International Natural Language Generation Conference},
  pages={251--257},
  year={2010},
  organization={Association for Computational Linguistics}
}

@article{bengio2003neural,
  title={A neural probabilistic language model},
  author={Bengio, Yoshua and Ducharme, R{\'e}jean and Vincent, Pascal and Jauvin, Christian},
  journal={Journal of machine learning research},
  volume={3},
  number={Feb},
  pages={1137--1155},
  year={2003}
}

@inproceedings{bahdanau2015neural,
  title={Neural machine translation by jointly learning to align and translate},
  author={Bahdanau, Dzmitry and Cho, Kyunghyun and Bengio, Yoshua},
  booktitle={ICLR},
  year={2015}
}

@article{hochreiter1997long,
  title={Long short-term memory},
  author={Hochreiter, Sepp and Schmidhuber, J{\"u}rgen},
  journal={Neural computation},
  volume={9},
  number={8},
  pages={1735--1780},
  year={1997},
  publisher={MIT Press}
}

@article{lecun2015deep,
  title={Deep learning},
  author={LeCun, Yann and Bengio, Yoshua and Hinton, Geoffrey},
  journal={Nature},
  volume={521},
  number={7553},
  pages={436--444},
  year={2015},
  publisher={Nature Research}
}

@inproceedings{xu2015show,
  title={Show, attend and tell: Neural image caption generation with visual attention},
  author={Xu, Kelvin and Ba, Jimmy and Kiros, Ryan and Cho, Kyunghyun and Courville, Aaron and Salakhudinov, Ruslan and Zemel, Rich and Bengio, Yoshua},
  booktitle={International Conference on Machine Learning},
  pages={2048--2057},
  year={2015}
}

@inproceedings{iyyer2014neural,
  title={A Neural Network for Factoid Question Answering over Paragraphs.},
  author={Iyyer, Mohit and Boyd-Graber, Jordan L and Claudino, Leonardo Max Batista and Socher, Richard and Daum{\'e} III, Hal},
  booktitle={EMNLP},
  pages={633--644},
  year={2014}
}

@inproceedings{hermann2015teaching,
  title={Teaching machines to read and comprehend},
  author={Hermann, Karl Moritz and Kocisky, Tomas and Grefenstette, Edward and Espeholt, Lasse and Kay, Will and Suleyman, Mustafa and Blunsom, Phil},
  booktitle={Advances in Neural Information Processing Systems},
  pages={1693--1701},
  year={2015}
}

@inproceedings{mikolov2010recurrent,
  title={Recurrent neural network based language model.},
  author={Mikolov, Tomas},
  booktitle={Interspeech},
  year={2010}
}

@inproceedings{mikolov2013distributed,
  title={Distributed representations of words and phrases and their compositionality},
  author={Mikolov, Tomas and Sutskever, Ilya and Chen, Kai and Corrado, Greg S and Dean, Jeff},
  booktitle={Advances in neural information processing systems},
  pages={3111--3119},
  year={2013}
}

@inproceedings{williams2013dialog,
  title={The dialog state tracking challenge},
  author={Williams, Jason and Raux, Antoine and Ramachandran, Deepak and Black, Alan},
  booktitle={Proceedings of the SIGDIAL 2013 Conference},
  pages={404--413},
  year={2013}
}

@article{stolcke2000dialogue,
  title={Dialogue act modeling for automatic tagging and recognition of conversational speech},
  author={Stolcke, Andreas and Ries, Klaus and Coccaro, Noah and Shriberg, Elizabeth and Bates, Rebecca and Jurafsky, Daniel and Taylor, Paul and Martin, Rachel and Van Ess-Dykema, Carol and Meteer, Marie},
  journal={Computational linguistics},
  volume={26},
  number={3},
  pages={339--373},
  year={2000},
  publisher={MIT Press}
}

@article{bordes2016learning,
  title={Learning end-to-end goal-oriented dialog},
  author={Bordes, Antoine and Weston, Jason},
  journal={arXiv preprint arXiv:1605.07683},
  year={2016}
}

@article{pappu2014knowledge,
  title={Knowledge acquisition strategies for goal-oriented dialog systems},
  author={Pappu, Aasish K and Rudnicky, Alexander I},
  year={2014}
}

@article{hinton2012deep,
  title={Deep neural networks for acoustic modeling in speech recognition: The shared views of four research groups},
  author={Hinton, Geoffrey and Deng, Li and Yu, Dong and Dahl, George E and Mohamed, Abdel-rahman and Jaitly, Navdeep and Senior, Andrew and Vanhoucke, Vincent and Nguyen, Patrick and Sainath, Tara N and others},
  journal={IEEE Signal Processing Magazine},
  volume={29},
  number={6},
  pages={82--97},
  year={2012},
  publisher={IEEE}
}

@inproceedings{krizhevsky2012imagenet,
  title={Imagenet classification with deep convolutional neural networks},
  author={Krizhevsky, Alex and Sutskever, Ilya and Hinton, Geoffrey E},
  booktitle={Advances in neural information processing systems},
  pages={1097--1105},
  year={2012}
}

@article{bebis1994feed,
  title={Feed-forward neural networks},
  author={Bebis, George and Georgiopoulos, Michael},
  journal={IEEE Potentials},
  volume={13},
  number={4},
  pages={27--31},
  year={1994},
  publisher={IEEE}
}

@article{medsker2001recurrent,
  title={Recurrent neural networks},
  author={Medsker, LR and Jain, LC},
  journal={Design and Applications},
  volume={5},
  year={2001}
}

@book{searle1969speech,
  title={Speech acts: An essay in the philosophy of language},
  author={Searle, John R},
  volume={626},
  year={1969},
  publisher={Cambridge university press}
}

@article{clark1991grounding,
  title={Grounding in communication},
  author={Clark, Herbert H and Brennan, Susan E and others},
  journal={Perspectives on socially shared cognition},
  volume={13},
  number={1991},
  pages={127--149},
  year={1991}
}

@article{clark1982hearers,
  title={Hearers and speech acts},
  author={Clark, Herbert H and Carlson, Thomas B},
  journal={Language},
  pages={332--373},
  year={1982},
  publisher={JSTOR}
}

@article{clark1981definite,
  title={Definite reference and mutual knowledge},
  author={Clark, Herbert H},
  journal={Elements of discourse understanding},
  pages={10--63},
  year={1981},
  publisher={Cambridge University Press}
}

@article{grosz1986attention,
  title={Attention, intentions, and the structure of discourse},
  author={Grosz, Barbara J and Sidner, Candace L},
  journal={Computational linguistics},
  volume={12},
  number={3},
  pages={175--204},
  year={1986},
  publisher={MIT Press}
}