@article{bandler1975structure,
  title={Structure of Magic: A Book about Language \& Therapy, Science and Behaviour Books},
  author={Bandler, Richard and Grinder, John},
  journal={Palo Alto, CA},
  year={1975}
}

@book{o2011introducing,
  title={Introducing NLP: Psychological skills for understanding and influencing people},
  author={O'Connor, Joseph and Seymour, John},
  year={2011},
  publisher={Conari Press}
}

@inproceedings{asaduzzaman2013answering,
  title={Answering questions about unanswered questions of stack overflow},
  author={Asaduzzaman, Muhammad and Mashiyat, Ahmed Shah and Roy, Chanchal K and Schneider, Kevin A},
  booktitle={Proceedings of the 10th Working Conference on Mining Software Repositories},
  pages={97--100},
  year={2013},
  organization={IEEE Press}
}

@book{robertson2009probabilistic,
  title={The probabilistic relevance framework: BM25 and beyond},
  author={Robertson, Stephen and Zaragoza, Hugo},
  year={2009},
  publisher={Now Publishers Inc}
}

@inproceedings{artzi2011bootstrapping,
  title={Bootstrapping semantic parsers from conversations},
  author={Artzi, Yoav and Zettlemoyer, Luke},
  booktitle={Proceedings of the conference on empirical methods in natural language processing},
  pages={421--432},
  year={2011},
  organization={Association for Computational Linguistics}
}

@article{liu2016not,
  title={How NOT to evaluate your dialogue system: An empirical study of unsupervised evaluation metrics for dialogue response generation},
  author={Liu, Chia-Wei and Lowe, Ryan and Serban, Iulian V and Noseworthy, Michael and Charlin, Laurent and Pineau, Joelle},
  journal={arXiv preprint arXiv:1603.08023},
  year={2016}
}

@article{kannan2017adversarial,
  title={Adversarial evaluation of dialogue models},
  author={Kannan, Anjuli and Vinyals, Oriol},
  journal={arXiv preprint arXiv:1701.08198},
  year={2017}
}

@inproceedings{nair2010rectified,
  title={Rectified linear units improve restricted boltzmann machines},
  author={Nair, Vinod and Hinton, Geoffrey E},
  booktitle={Proceedings of the 27th international conference on machine learning (ICML-10)},
  pages={807--814},
  year={2010}
}

@inproceedings{paek2001empirical,
  title={Empirical methods for evaluating dialog systems},
  author={Paek, Tim},
  booktitle={Proceedings of the workshop on Evaluation for Language and Dialogue Systems-Volume 9},
  pages={2},
  year={2001},
  organization={Association for Computational Linguistics}
}

@article{mikolov2013efficient,
  title={Efficient estimation of word representations in vector space},
  author={Mikolov, Tomas and Chen, Kai and Corrado, Greg and Dean, Jeffrey},
  journal={arXiv preprint arXiv:1301.3781},
  year={2013}
}

@inproceedings{vanderwende2008importance,
  title={The importance of being important: Question generation},
  author={Vanderwende, Lucy},
  booktitle={Proceedings of the 1st Workshop on the Question Generation Shared Task Evaluation Challenge, Arlington, VA},
  year={2008}
}

@phdthesis{heilman2011automatic,
  title={Automatic factual question generation from text},
  author={Heilman, Michael},
  year={2011},
  school={Carnegie Mellon University}
}

@inproceedings{penas2010filling,
  title={Filling knowledge gaps in text for machine reading},
  author={Penas, Anselmo and Hovy, Eduard},
  booktitle={Proceedings of the 23rd International Conference on Computational Linguistics: Posters},
  pages={979--987},
  year={2010},
  organization={Association for Computational Linguistics}
}

@article{olney2012question,
  title={Question Generation from Concept Maps.},
  author={Olney, Andrew McGregor and Graesser, Arthur C and Person, Natalie K},
  journal={D\&D},
  volume={3},
  number={2},
  pages={75--99},
  year={2012}
}

@inproceedings{labutov2015deep,
  title={Deep Questions without Deep Understanding.},
  author={Labutov, Igor and Basu, Sumit and Vanderwende, Lucy},
  booktitle={ACL (1)},
  pages={889--898},
  year={2015}
}

@inproceedings{liu2010automatic,
  title={Automatic question generation for literature review writing support},
  author={Liu, Ming and Calvo, Rafael A and Rus, Vasile},
  booktitle={International Conference on Intelligent Tutoring Systems},
  pages={45--54},
  year={2010},
  organization={Springer}
}

@article{mostafazadeh2016generating,
  title={Generating natural questions about an image},
  author={Mostafazadeh, Nasrin and Misra, Ishan and Devlin, Jacob and Mitchell, Margaret and He, Xiaodong and Vanderwende, Lucy},
  journal={arXiv preprint arXiv:1603.06059},
  year={2016}
}

@inproceedings{rus2011question,
  title={Question generation shared task and evaluation challenge: Status report},
  author={Rus, Vasile and Piwek, Paul and Stoyanchev, Svetlana and Wyse, Brendan and Lintean, Mihai and Moldovan, Cristian},
  booktitle={Proceedings of the 13th European Workshop on Natural Language Generation},
  pages={318--320},
  year={2011},
  organization={Association for Computational Linguistics}
}

@article{grice1975logic,
  title={Logic and conversation},
  author={Grice, H Paul},
  journal={1975},
  pages={41--58},
  year={1975}
}

@inproceedings{hochreiter1997long,
  title={Long short-term memory},
  author={Hochreiter, Sepp and Schmidhuber, J{\"u}rgen},
  journal={Neural computation},
  year={1997},
}

@article{mikolov2013efficient,
  title={Efficient estimation of word representations in vector space},
  author={Mikolov, Tomas and Chen, Kai and Corrado, Greg and Dean, Jeffrey},
  journal={arXiv preprint arXiv:1301.3781},
  year={2013}
}

@inproceedings{pennington2014glove,
  title={Glove: Global Vectors for Word Representation.},
  author={Pennington, Jeffrey and Socher, Richard and Manning, Christopher D},
  booktitle={Empirical Methods on Natural Language Processing},
  year={2014}
}

@article{lowe2015ubuntu,
  title={The ubuntu dialogue corpus: A large dataset for research in unstructured multi-turn dialogue systems},
  author={Lowe, Ryan and Pow, Nissan and Serban, Iulian and Pineau, Joelle},
  journal={arXiv preprint arXiv:1506.08909},
  year={2015}
}

@inproceedings{ravichandran2002learning,
  title={Learning surface text patterns for a question answering system},
  author={Ravichandran, Deepak and Hovy, Eduard},
  booktitle={Proceedings of the 40th annual meeting on association for computational linguistics},
  pages={41--47},
  year={2002},
  organization={Association for Computational Linguistics}
}

@inproceedings{riloff1996automatically,
  title={Automatically generating extraction patterns from untagged text},
  author={Riloff, Ellen},
  booktitle={Proceedings of the national conference on artificial intelligence},
  pages={1044--1049},
  year={1996}
}
@article{andreas2016reasoning,
  title={Reasoning about pragmatics with neural listeners and speakers},
  author={Andreas, Jacob and Klein, Dan},
  journal={arXiv preprint arXiv:1604.00562},
  year={2016}
}
@inproceedings{orita2015discourse,
  title={Why discourse affects speakers' choice of referring expressions.},
  author={Orita, Naho and Vornov, Eliana and Feldman, Naomi and Daum{\'e} III, Hal},
  booktitle={ACL (1)},
  pages={1639--1649},
  year={2015}
}
@inproceedings{smith2013learning,
  title={Learning and using language via recursive pragmatic reasoning about other agents},
  author={Smith, Nathaniel J and Goodman, Noah and Frank, Michael},
  booktitle={Advances in neural information processing systems},
  pages={3039--3047},
  year={2013}
}
@inproceedings{golland2010game,
  title={A game-theoretic approach to generating spatial descriptions},
  author={Golland, Dave and Liang, Percy and Klein, Dan},
  booktitle={Proceedings of the 2010 conference on empirical methods in natural language processing},
  pages={410--419},
  year={2010},
  organization={Association for Computational Linguistics}
}

@inproceedings{serban2016building,
  title={Building end-to-end dialogue systems using generative hierarchical neural network models},
  author={Serban, Iulian V and Sordoni, Alessandro and Bengio, Yoshua and Courville, Aaron and Pineau, Joelle},
  booktitle={Proceedings of the Thirtieth AAAI Conference on Artificial Intelligence},
  pages={3776--3783},
  year={2016},
  organization={AAAI Press}
}

@inproceedings{sutskever2014sequence,
  title={Sequence to sequence learning with neural networks},
  author={Sutskever, Ilya and Vinyals, Oriol and Le, Quoc V},
  booktitle={Advances in neural information processing systems},
  pages={3104--3112},
  year={2014}
}

@inproceedings{yin2015neural,
  title={Neural generative question answering},
  author={Yin, Jun and Jiang, Xin and Lu, Zhengdong and Shang, Lifeng and Li, Hang and Li, Xiaoming},
  booktitle={Proceedings of the North American Association for Computational Linguistics},
  year={2016}
}