@inproceedings{artzi2011bootstrapping,
  title={Bootstrapping semantic parsers from conversations},
  author={Artzi, Yoav and Zettlemoyer, Luke},
  booktitle={Empirical Methods in Natural Language Processing},
  pages={421--432},
  year={2011}
}

@article{serban2015building,
  title={Building end-to-end dialogue systems using generative hierarchical neural network models},
  author={Serban, Iulian V and Sordoni, Alessandro and Bengio, Yoshua and Courville, Aaron and Pineau, Joelle},
  journal={arXiv preprint arXiv:1507.04808},
  year={2015}
}

@inproceedings{liu2016not,
  title={How NOT to evaluate your dialogue system: An empirical study of unsupervised evaluation metrics for dialogue response generation},
  author={Liu, Chia-Wei and Lowe, Ryan and Serban, Iulian V and Noseworthy, Michael and Charlin, Laurent and Pineau, Joelle},
  booktitle={Empirical Methods in Natural Language Processing},
  pages={2122--2132},
  year={2016}
}

@inproceedings{pennington2014glove,
  title={Glove: Global Vectors for Word Representation.},
  author={Pennington, Jeffrey and Socher, Richard and Manning, Christopher D},
  booktitle={Empirical Methods on Natural Language Processing},
  year={2014}
}

@inproceedings{smith2013learning,
  title={Learning and using language via recursive pragmatic reasoning about other agents},
  author={Smith, Nathaniel J and Goodman, Noah and Frank, Michael},
  booktitle={Advances in neural information processing systems},
  pages={3039--3047},
  year={2013}
}

@inproceedings{lowe2015ubuntu,
  title={The Ubuntu Dialogue Corpus: A Large Dataset for Research in Unstructured Multi-Turn Dialogue Systems},
  author={Lowe, Ryan and Pow, Nissan and Serban, Iulian V and Pineau, Joelle},
  booktitle={Special Interest Group on Discourse and Dialogue},
  year={2015}
}

@inproceedings{sutskever2014sequence,
  title={Sequence to sequence learning with neural networks},
  author={Sutskever, Ilya and Vinyals, Oriol and Le, Quoc V},
  booktitle={Advances in neural information processing systems},
  pages={3104--3112},
  year={2014}
}

@article{kannan2017adversarial,
  title={Adversarial evaluation of dialogue models},
  author={Kannan, Anjuli and Vinyals, Oriol},
  journal={arXiv preprint arXiv:1701.08198},
  year={2017}
}

@inproceedings{paek2001empirical,
  title={Empirical methods for evaluating dialog systems},
  author={Paek, Tim},
  booktitle={Proceedings of the workshop on Evaluation for Language and Dialogue Systems-Volume 9},
  pages={2},
  year={2001},
  organization={Association for Computational Linguistics}
}

@inproceedings{vanderwende2008importance,
  title={The importance of being important: Question generation},
  author={Vanderwende, Lucy},
  booktitle={Proceedings of the 1st Workshop on the Question Generation Shared Task Evaluation Challenge, Arlington, VA},
  year={2008}
}

@phdthesis{heilman2011automatic,
  title={Automatic factual question generation from text},
  author={Heilman, Michael},
  year={2011},
  school={Carnegie Mellon University}
}

@inproceedings{penas2010filling,
  title={Filling knowledge gaps in text for machine reading},
  author={Penas, Anselmo and Hovy, Eduard},
  booktitle={Proceedings of the 23rd International Conference on Computational Linguistics: Posters},
  pages={979--987},
  year={2010},
  organization={Association for Computational Linguistics}
}

@article{olney2012question,
  title={Question Generation from Concept Maps.},
  author={Olney, Andrew McGregor and Graesser, Arthur C and Person, Natalie K},
  journal={D\&D},
  volume={3},
  number={2},
  pages={75--99},
  year={2012}
}

@inproceedings{labutov2015deep,
  title={Deep Questions without Deep Understanding.},
  author={Labutov, Igor and Basu, Sumit and Vanderwende, Lucy},
  booktitle={Association for Computational Linguistics},
  pages={889--898},
  year={2015}
}

@inproceedings{liu2010automatic,
  title={Automatic question generation for literature review writing support},
  author={Liu, Ming and Calvo, Rafael A and Rus, Vasile},
  booktitle={International Conference on Intelligent Tutoring Systems},
  pages={45--54},
  year={2010},
  organization={Springer}
}

@inproceedings{mostafazadeh2016generating,
  title={Generating natural questions about an image},
  author={Mostafazadeh, Nasrin and Misra, Ishan and Devlin, Jacob and Mitchell, Margaret and He, Xiaodong and Vanderwende, Lucy},
  booktitle={Association for Computational Linguistics},
  pages={1802--1813},
  year={2016}
}

@inproceedings{rus2011question,
  title={Question generation shared task and evaluation challenge: Status report},
  author={Rus, Vasile and Piwek, Paul and Stoyanchev, Svetlana and Wyse, Brendan and Lintean, Mihai and Moldovan, Cristian},
  booktitle={Proceedings of the 13th European Workshop on Natural Language Generation},
  pages={318--320},
  year={2011},
  organization={Association for Computational Linguistics}
}

@inproceedings{ravichandran2002learning,
  title={Learning surface text patterns for a question answering system},
  author={Ravichandran, Deepak and Hovy, Eduard},
  booktitle={Proceedings of the 40th annual meeting on association for computational linguistics},
  pages={41--47},
  year={2002},
  organization={Association for Computational Linguistics}
}

@inproceedings{riloff1996automatically,
  title={Automatically generating extraction patterns from untagged text},
  author={Riloff, Ellen},
  booktitle={Proceedings of the national conference on artificial intelligence},
  pages={1044--1049},
  year={1996}
}

@inproceedings{andreas2016reasoning,
  title={Reasoning about pragmatics with neural listeners and speakers},
  author={Andreas, Jacob and Klein, Dan},
  booktitle={Association for Computational Linguistics},
  pages={1173--1182},
  year={2016}
}

@inproceedings{orita2015discourse,
  title={Why discourse affects speakers' choice of referring expressions.},
  author={Orita, Naho and Vornov, Eliana and Feldman, Naomi and Daum{\'e} III, Hal},
  booktitle={Association for Computational Linguistics},
  pages={1639--1649},
  year={2015}
}

@inproceedings{golland2010game,
  title={A game-theoretic approach to generating spatial descriptions},
  author={Golland, Dave and Liang, Percy and Klein, Dan},
  booktitle={Empirical Methods in Natural Language Processing},
  pages={410--419},
  year={2010}
}

@inproceedings{xiang2013enlisting,
  title={Enlisting the ghost: Modeling empty categories for machine translation},
  author={Xiang, Bing and Luo, Xiaoqiang and Zhou, Bowen},
  booktitle={In ACL},
  year={2013},
  organization={Citeseer}
}

@inproceedings{le2010aiding,
  title={Aiding pronoun translation with co-reference resolution},
  author={Le Nagard, Ronan and Koehn, Philipp},
  booktitle={Proceedings of the Joint Fifth Workshop on Statistical Machine Translation and MetricsMATR},
  pages={252--261},
  year={2010},
  organization={Association for Computational Linguistics}
}

@inproceedings{cai2011language,
  title={Language-independent parsing with empty elements},
  author={Cai, Shu and Chiang, David and Goldberg, Yoav},
  booktitle={Proceedings of the 49th Annual Meeting of the Association for Computational Linguistics: Human Language Technologies: short papers-Volume 2},
  pages={212--216},
  year={2011},
  organization={Association for Computational Linguistics}
}

@article{hochreiter1997long,
  title={Long short-term memory},
  author={Hochreiter, Sepp and Schmidhuber, J{\"u}rgen},
  journal={Neural computation},
  pages={1735--1780},
  year={1997},
  publisher={MIT Press}
}

@article{avriel1970value,
  title={The value of information and stochastic programming},
  author={Avriel, Mordecai and Williams, AC},
  journal={Operations Research},
  volume={18},
  number={5},
  pages={947--954},
  year={1970},
  publisher={INFORMS}
}

@phdthesis{purver2004theory,
  title={The theory and use of clarification requests in dialogue},
  author={Purver, Matthew Richard John},
  year={2004},
  school={Citeseer}
}

@book{ginzburg2012interactive,
  title={The interactive stance},
  author={Ginzburg, Jonathan},
  year={2012},
  publisher={Oxford University Press}
}

@article{yin2016neural,
  title={Neural generative question answering},
  author={Yin, Jun and Jiang, Xin and Lu, Zhengdong and Shang, Lifeng and Li, Hang and Li, Xiaoming},
  journal={International Joint Conference on Artificial Intelligence},
  year={2016}
}

@inproceedings{serban2016building,
  title={Building end-to-end dialogue systems using generative hierarchical neural network models},
  author={Serban, Iulian V and Sordoni, Alessandro and Bengio, Yoshua and Courville, Aaron and Pineau, Joelle},
  booktitle={Thirtieth AAAI Conference on Artificial Intelligence},
  year={2016}
}